3100 4925
197 347 228 405 A
236 345 579 407 CADEMICORUM
599 342 939 409 POSTERIORUM
959 342 1255 405 FRAGMENTA.
1283 331 1352 419 167

229 529 313 593 IIII
320 550 327 594 :
358 529 466 613 plane,
482 538 520 595 ut
537 551 641 615 supra
661 529 782 609 dictus,
800 527 933 593 Stoicus
951 548 1119 612 perpauca
1136 526 1351 594 balbuttiens.

227 660 257 684 =
267 633 426 697 Lucullus
438 632 458 718 ξ
475 646 544 715 135.

533 896 590 959 Ex
615 896 743 960 Lruurs
771 896 958 961 Iucnurrs.

183 1100 191 1115 .
225 1050 422 1116 Lactantius
438 1050 674 1115 Inst.diu.III.
689 1067 736 1129 14.
769 1045 1348 1131 Hoectnenerbosnnt(sc.Cieerol):

118 1224 121 1227 ⁴
225 1154 306 1217 mihi
322 1163 435 1218 autern
451 1174 518 1216 non
540 1155 641 1217 modo
660 1153 703 1216 ad
723 1152 921 1236 sapientiam
942 1152 1030 1216 caeci
1047 1151 1205 1227 uidemur,
1223 1150 1281 1213 sed
1305 1151 1348 1213 ad

181 1314 184 1319 .
224 1277 264 1320 ea
291 1257 364 1340 ipsa
387 1278 474 1340 quae
500 1255 611 1339 aliqua
635 1278 679 1319 ex
704 1265 800 1340 parte
824 1254 912 1321 cerni
936 1254 1120 1331 uideantur,
1147 1253 1285 1317 hebetes
1315 1260 1349 1317 et

224 1360 344 1424 obtusi.

140 1481 191 1545 33.
226 1463 370 1547 August.
386 1472 502 1527 contra
521 1462 746 1527 Academicos
770 1461 816 1527 11.
832 1461 852 1545 ξ
868 1461 917 1525 26.
958 1460 1004 1524 Id
1017 1458 1185 1543 probabile
1207 1457 1351 1523 uolneri

200 1566 204 1573 ’
222 1566 529 1631 simileAcademici
541 1576 663 1644 nocent,
675 1566 763 1649 qnod
774 1587 831 1630 nos
845 1565 894 1629 ad
904 1564 1065 1646 agendum
1080 1563 1151 1626 sine
1164 1561 1350 1625 adsensione

214 1681 321 1753 potest
343 1671 487 1734 innitare
487 1718 578 1735 .......
582 1669 688 1746 Talia,
712 1669 822 1751 inqm‘t
841 1668 1064 1747 Academicus,
1088 1666 1170 1729 mihi
1193 1665 1349 1729 uidentur

222 1776 336 1838 omnia
359 1796 445 1858 quae
466 1773 653 1858 probabilia
674 1771 728 1836 uel
749 1772 820 1836 ueri
842 1772 963 1839 similia
986 1769 1103 1853 putaui
1126 1768 1349 1833 nominanda:

222 1899 309 1959 quae
324 1886 361 1940 tu
377 1878 403 1940 si
420 1877 485 1941 alio
501 1878 636 1940 nomine
646 1877 697 1946 uis
713 1896 841 1951 uocare,
858 1873 940 1937 nihil
956 1895 1113 1958 repugno.
1153 1874 1242 1939 Satis
1259 1871 1348 1936 enim

223 1978 304 2042 mihi
323 1989 374 2043 est
394 1988 429 2042 te
451 1980 517 2042 iam
542 1980 628 2046 bene
655 1978 823 2059 accepisse
844 1978 923 2059 quid
947 1977 1066 2053 dicam,
1088 1976 1121 2039 id
1145 1984 1205 2053 est,
1227 1976 1348 2058 quibus

221 2082 319 2145 rebus
341 2081 423 2144 haec
445 2082 582 2146 nomina
600 2082 792 2163 imponam;
824 2100 890 2142 non
911 2079 999 2141 enim
1019 2075 1256 2140 uocabulorum
1276 2077 1348 2159 opi-

220 2184 326 2260 ficem,
343 2184 402 2247 sed
419 2203 527 2249 rerum
543 2183 773 2266 inquisitorem
791 2182 887 2245 decet
903 2202 975 2244 esse
990 2180 1185 2264 sapientem.
1215 2179 1346 2263 [Proxi-

220 2289 285 2351 mis
298 2296 375 2369 post
394 2287 479 2350 lmm
504 2286 606 2349 loc-nm
630 2286 737 2349 uerbis
754 2284 920 2367 perspicue
940 2286 1113 2369 confirmet
1135 2284 1348 2366 Angrrstinns

219 2390 296 2454 lmec
309 2389 412 2473 ipsius
425 2411 490 2453 esse
507 2389 667 2458 Ciceronis
683 2388 803 2472 norbo]

134 2515 183 2578 34
219 2496 399 2577 Augustin.
417 2516 443 2558 c.
459 2494 566 2558 Acad.
584 2493 684 2577 111.§
704 2506 749 2574 15.
787 2492 855 2556 Est
869 2493 904 2557 in
924 2491 1019 2560 libris
1036 2490 1195 2557 Ciceronis
1214 2491 1346 2574 quaein

219 2599 319 2662 iern'ns
336 2620 452 2663 corcsae
468 2599 533 2680 (ie.
553 2597 834 2681 Academicorum)
852 2597 1074 2680 patrocinium
1099 2595 1235 2678 scripsit,
1260 2595 1346 2659 locus

218 2703 353 2785 qnidam
359 2752 437 2768 ......
442 2703 649 2768 Academico
670 2703 813 2786 sapienti
835 2702 878 2766 ab
901 2702 1055 2768 omnibus
1076 2709 1258 2763 ceterarum
1274 2721 1344 2763 sec-

219 2815 339 2886 tarum,
366 2808 423 2888 qui
453 2807 516 2870 sibi
546 2806 716 2889 sapientes
744 2805 908 2878 uidentur,
933 2803 1097 2868 secundas
1127 2803 1230 2884 partis
1260 2802 1344 2880 dari,

218 2931 294 2974 cum
319 2911 444 2993 primas
466 2910 529 2974 sibi
559 2930 726 2993 quemque
752 2909 922 2978 uindicare
948 2928 1082 2972 necesse
1109 2906 1171 2984 sit;
1204 2926 1248 2968 ex
1274 2927 1341 2989 quo
1358 2976 1370 2997 ,ἢ

218 3034 317 3095 posse
329 3015 546 3097 probabiliter
560 3013 678 3078 confici
695 3035 771 3077 eum
788 3024 876 3078 recte
891 3014 1035 3097 primum
1049 3035 1121 3078 esse
1134 3014 1255 3078 iudicio
1270 3033 1341 3096 suo,
1353 3040 1358 3058 ⁴

175 3177 181 3188 ,
217 3117 273 3199 qui
289 3117 436 3181 omnium
453 3127 637 3183 ceterorum
653 3118 775 3182 iudicio
791 3116 834 3180 sit
849 3117 1022 3182 secundus

131 3233 183 3302 35.
217 3219 397 3303 Augustin.
412 3242 438 3284 c.
454 3221 562 3285 Acad.
581 3221 646 3284 III.
661 3221 681 3304 ἓ
694 3238 746 3303 43.
791 3220 858 3287 Ait
870 3221 956 3284 enim
974 3219 1080 3285 Cicero
1095 3218 1159 3283 illis
1177 3220 1238 3302 (ie.
1253 3219 1341 3283 Aca-

215 3323 358 3406 demicis)
381 3345 508 3388 morem
529 3325 629 3387 luisse
649 3322 839 3387 occultandi
859 3324 1059 3386 sententiam
1075 3344 1170 3387 suam
1188 3344 1248 3388 nec
1264 3344 1338 3388 eam

127 3521 269 3570 obscurata:
291 3514 381 3568 crassis
395 3517 515 3566 occultata
533 3517 606 3567 codd.
630 3516 683 3568 Cic.
795 3530 827 3581 30
844 3515 894 3566 uid.
916 3515 973 3566 adn.
993 3516 1025 3566 ad
1044 3517 1105 3566 Luc.
1124 3517 1207 3580 5¹23·
1306 3533 1335 3582 3¹

125 3602 220 3651 dictus:
237 3600 294 3650 dr'ori
302 3600 376 3649 codd.
389 3599 443 3649 Cic.

126 3782 170 3832 the
180 3781 269 3847 speech
282 3781 317 3846 by
328 3780 383 3831 Cic.
394 3781 420 3830 in
433 3753 476 3830 the
488 3781 581 3832 second
596 3780 665 3830 book
680 3780 709 3830 os
755 3779 838 3830 minds
860 3795 889 3830 us
908 3777 937 3829 oi
958 3778 1001 3829 the
1023 3777 1111 3842 roting
1132 3775 1162 3827 oi
1185 3775 1228 3825 the
1251 3775 1335 3826 Greek

126 3849 170 3898 the
188 3847 280 3897 second
300 3847 350 3906 ed,
373 3847 456 3896 witich
478 3863 512 3896 no
529 3847 609 3897 doubt
624 3847 705 3896 incor-
755 3846 852 3895 leaders
862 3853 889 3895 at
900 3845 943 3894 the
955 3845 1065 3894 Isthmus
1081 3843 1144 3893 aster
1158 3841 1200 3891 the
1215 3840 1294 3890 battle
1309 3839 1338 3891 oi

126 3913 232 3979 porated
248 3913 290 3962 the
310 3911 402 3976 speech
416 3911 446 3962 oi
459 3913 564 3962 Catulus
581 3913 608 3962 in
622 3913 662 3962 ed.
679 3925 705 3969 1;
755 3911 871 3970 Salamis,
890 3911 964 3960 when
983 3910 1045 3959 each
1062 3907 1193 3986 proposed·
1205 3913 1232 3956 to
1249 3905 1335 3955 confer

126 3978 157 4028 cf.
170 3978 266 4028 introd.
280 3993 324 4042 pp.
336 3990 368 4038 42
379 3993 417 4042 sq.
754 3992 788 4025 on
799 3977 904 4040 himself
913 3977 957 4025 the
969 3975 1021 4024 first
1033 3989 1099 4040 pnze
1114 3972 1153 4022 sor
1163 3971 1267 4020 wrsdom
1282 3973 1333 4020 and

157 4046 334 4093 uomtnmta:
351 4058 377 4092 n.
389 4059 423 4092 on
437 4059 457 4103 1,
472 4059 511 4108 43.
754 4041 821 4102 ahili,
836 4041 910 4090 while
923 4041 985 4090 each
1001 4040 1092 4104 agreed
1107 4047 1134 4087 to
1150 4037 1207 4101 give
1218 4036 1332 4086 Themis·

157 4111 291 4167 opificem:
309 4123 333 4157 n.
346 4123 380 4156 on
392 4122 414 4167 o,
432 4124 486 4170 ¹44·
505 4173 510 4184 Ι
753 4107 831 4157 tocles
849 4107 891 4156 the
906 4105 1000 4182 second
1017 4105 1083 4170 price
1101 4101 1209 4164 (Herod.
1222 4105 1246 4158 8,
1267 4103 1331 4177 12¹3).
1364 4122 1366 4124 ·

159 4173 705 4237 ...
752 4169 1121 4299 triten
1134 4167 1332 4282 reserere

125 4305 164 4354 lar
184 4303 339 4369 application
360 4302 389 4352 oi
411 4303 453 4352 the
475 4304 638 4353 Cameadean
665 4321 704 4352 rr·
751 4303 859 4367 genuine
871 4308 950 4350 traces
962 4299 991 4349 oi
1005 4299 1114 4350 Cicero's
1128 4298 1191 4362 style
1204 4298 1329 4347 thatldo

125 4371 205 4428 θανόν,
220 4385 247 4418 as
263 4369 285 4418 is
301 4369 368 4418 clear
383 4367 448 4418 from
464 4370 508 4418 the
520 4369 602 4419 words
619 4372 704 4433 ‘posse
751 4376 797 4418 not
809 4367 881 4416 think
894 4367 913 4415 it
924 4365 1005 4415 worth
1016 4365 1091 4413 while
1102 4373 1129 4414 to
1139 4364 1196 4428 give
1208 4363 1236 4411 it.

125 4434 288 4499 probabiliter
303 4432 413 4485 confiei’.
447 4435 502 4484 The
519 4443 649 4498 argument
667 4450 703 4483 re·
786 4445 826 4498 35.
858 4443 958 4481 morem
974 4433 1057 4480 {uisu
1073 4433 1139 4480 oto:
1165 4428 1188 4478 is
1206 4443 1230 4488 e,
1249 4425 1282 4478 60
1297 4428 1330 4478 be
