3100 4925
516 418 518 421 Ι
544 324 906 386 rwrronvcrroru
1288 316 1334 408 83

128 480 183 545 they
193 481 282 547 regard
294 482 404 533 emotion
416 498 444 533 as
457 483 573 542 harmini,
586 485 668 536 which
683 486 726 539 the
740 486 853 537 ancients
868 488 976 553 thought
986 489 1084 539 natural
1099 490 1150 540 and
1164 491 1245 541 useful
1257 491 1333 560 (135).

129 564 193 613 How
203 564 294 614 absurd
306 564 402 615 arethe
414 564 484 616 Stoic
500 566 652 631 paradoxesl
671 566 739 632 (136)
773 568 883 618 Albinus
895 568 986 634 joking
1000 570 1055 620 said
1067 578 1093 622 to
1104 571 1248 623 Carneades
1261 575 1335 627 ‘You

126 646 157 695 do
167 654 212 697 not
223 646 297 696 think
308 662 349 697 me
360 662 375 696 n
388 655 494 712 praetor,
507 649 614 699 became
630 649 643 698 1
658 664 700 698 am
712 656 757 699 not
771 666 788 699 a
801 650 918 715 sopiam)
952 651 1053 709 ‘Thau’
1064 653 1119 703 said
1131 654 1282 717 Carneades,
1299 658 1335 708 ‘is

127 726 258 800 Diqgtenes’
273 729 345 789 view,
359 736 403 778 not
419 728 501 779 mine'
518 728 596 795 (137).
630 729 786 796 Chrysippus
804 732 889 781 thinks
904 732 964 798 only
975 734 1045 784 three
1059 735 1151 785 ethical
1165 744 1271 801 systems
1286 756 1335 792 can

126 809 185 873 wilh
201 810 354 879 plausibility
369 811 402 861 be
419 812 542 863 defended
555 814 633 877 (138).
667 814 680 863 I
697 814 820 879 gravitate
835 815 896 865 then
913 818 1021 867 towards
1037 833 1087 868 one
1102 818 1131 869 oi
1145 819 1223 878 them,
1236 820 1292 871 that
1307 820 1338 873 ol'

92 875 243 960 spleesure.
276 892 365 942 Virtus
376 892 436 943 calls
448 909 489 942 me
499 894 572 953 back,
585 910 632 945 nor
642 894 694 944 will
709 896 754 945 she
769 912 832 945 even
849 898 924 947 allow
940 910 981 948 me
997 906 1024 948 to
1037 897 1092 963 join
1107 900 1220 966 pleasure
1235 909 1262 953 to
1278 903 1333 955 her·

59 995 65 1005 ·
124 974 171 1023 seli
185 978 263 1043 (139).
299 976 383 1029 When
403 978 417 1027 1
436 978 496 1027 bear
515 978 559 1028 the
578 979 714 1043 respective
730 978 862 1044 pleadings
878 980 908 1029 ol
920 980 1033 1047 pleasure
1047 984 1098 1032 and
1109 983 1224 1045 virtue,1
1240 994 1334 1037 cannot

124 1054 195 1105 avoid
207 1056 284 1121 being
293 1058 384 1107 moued
396 1058 430 1121 by
440 1058 511 1116 both,
523 1060 573 1109 and
585 1075 613 1109 so
626 1060 638 1108 I
651 1059 703 1109 find
715 1060 734 1109 it
745 1050 892 1125 impossible
903 1068 930 1112 to
941 1062 1033 1113 choose
1045 1065 1113 1129 (141,
1128 1066 1195 1130 142).

169 1136 196 1195 95
216 1137 351 1201 142-146.
387 1142 446 1191 Part
465 1153 497 1193 xr
515 1140 545 1190 ol
559 1140 669 1190 Cicero's
686 1140 835 1203 exposition.
871 1141 928 1191 The
945 1142 1045 1193 discord
1064 1143 1094 1193 of
1108 1146 1282 1211 philosophers
1297 1163 1332 1199 on

123 1218 212 1282 logical
222 1220 357 1283 questions.
382 1222 422 1272 To
433 1238 490 1288 pass
502 1230 529 1273 to
541 1223 672 1280 Dialectic,
685 1229 744 1271 note
754 1222 813 1271 how
822 1222 980 1287 Protagoras,
992 1225 1035 1274 the
1044 1226 1186 1289 Cyrenaics,
1199 1227 1330 1293 Epicurus,

123 1301 172 1349 and
191 1300 264 1351 Plato
283 1302 395 1367 disagree
415 1305 493 1368 (142).
529 1306 600 1354 Does
618 1304 760 1355 Antiochus
776 1304 863 1354 follow
878 1320 929 1370 any
945 1306 975 1355 oi
991 1305 1081 1356 these?
1112 1309 1189 1372 Why,
1205 1309 1239 1359 he
1254 1326 1331 1361 never

123 1399 183 1433 even
200 1385 296 1435 follows
308 1385 351 1436 the
362 1394 416 1435 true
427 1393 497 1436 tumr
507 1386 651 1443 Academia,
663 1385 714 1437 and
727 1401 802 1435 never
812 1385 870 1435 stirs
886 1402 901 1435 a
917 1395 973 1451 step
989 1386 1053 1437 from
1070 1388 1232 1455 Chrysippus.
1268 1391 1330 1441 Dia·

123 1465 247 1516 lecticians
264 1468 413 1519 themselves
430 1475 523 1518 cannot
538 1483 612 1532 agree
629 1468 706 1517 about
723 1466 765 1521 the
776 1483 837 1531 very
846 1466 968 1518 elements
979 1469 1009 1518 or'
1021 1469 1086 1519 their
1096 1477 1134 1520 art
1147 1471 1225 1537 (143).
1261 1473 1332 1537 Why

122 1546 188 1607 then,
205 1546 331 1611 Lucullus,
349 1550 383 1599 do
397 1566 446 1614 you
461 1564 533 1599 rouse
548 1548 591 1599 the
605 1549 666 1598 rnob
680 1550 779 1613 against
793 1564 835 1598 me
849 1548 901 1598 like
914 1566 930 1598 a
945 1550 1065 1601 seditious
1080 1552 1179 1603 tribune
1193 1552 1228 1618 by
1242 1554 1331 1621 telling

121 1630 188 1680 them
201 1629 214 1678 l
228 1631 261 1679 do
276 1646 346 1695 away
357 1630 419 1680 with
435 1630 477 1680 the
492 1638 542 1680 arts
556 1630 714 1693 altogether?
746 1629 833 1681 When
847 1645 896 1694 you
912 1631 976 1681 have
988 1642 1032 1696 got
1048 1633 1091 1683 the
1105 1634 1191 1685 crowd
1205 1636 1328 1700 together,

122 1712 135 1761 l
153 1711 202 1761 will
219 1713 290 1779 point
307 1724 350 1763 out
366 1720 392 1764 to
407 1714 476 1763 them
492 1713 546 1764 that
563 1712 698 1778 according
713 1719 740 1763 to
757 1713 826 1762 Zeno
842 1714 878 1765 all
891 1713 921 1763 of
934 1714 1003 1764 them
1017 1732 1060 1765 are
1075 1716 1164 1777 slaves,
1181 1718 1265 1779 exiles,
1279 1721 1330 1770 aad

120 1795 233 1856 lunatics,
241 1796 290 1847 and
300 1797 354 1847 that
364 1814 413 1863 you
424 1796 540 1863 yourself,
554 1806 598 1848 not
610 1797 686 1864 being
696 1798 802 1863 superus,
813 1797 890 1847 know
900 1797 1007 1861 nothing
1017 1799 1142 1850 whatever
1154 1801 1232 1864 (ι44).
1267 1801 1331 1853 This

120 1880 166 1929 last
183 1880 254 1943 point
271 1880 339 1930 Zeno
355 1880 417 1929 used
433 1888 459 1930 to
473 1879 598 1930 illustrate
613 1878 647 1942 by
663 1878 754 1929 action.
790 1878 840 1928 Yet
856 1879 895 1928 his
910 1879 992 1931 whole
1007 1880 1093 1930 school
1108 1889 1201 1931 cannot
1216 1880 1288 1947 point
1303 1890 1330 1933 to

119 1976 167 2026 any
177 1962 259 2012 actual
270 1963 367 2027 sapr'ens
378 1963 456 2025 (145).
490 1962 557 2011 Now
569 1977 596 2011 us
607 1961 677 2011 there
688 1960 709 2010 is
720 1976 754 2010 no
765 1960 924 2026 knowledge,
937 1962 1008 2013 there
1019 1976 1066 2011 oon
1081 1962 1162 2014 beno
1176 1974 1224 2017 art.
1260 1968 1330 2019 How

119 2044 202 2094 would
214 2044 303 2094 Zeuxis
313 2044 364 2094 and
376 2045 517 2108 Polycletus
528 2044 579 2094 like
590 2043 640 2093 this
651 2043 814 2093 conclusion?
846 2043 918 2108 They
929 2043 1013 2093 would
1026 2043 1107 2111 prefer
1118 2044 1193 2108 mine,
1208 2054 1235 2098 to
1246 2035 1328 2102 which

119 2140 164 2175 our
174 2132 301 2176 ancestors
311 2125 371 2175 bear
383 2125 516 2189 testimony
531 2123 611 2187 (146).

166 2208 260 2269 55147,
278 2209 331 2271 148.
367 2206 526 2257 Conclusion.
560 2206 629 2255 Next
647 2204 707 2255 time
719 2220 757 2255 we
774 2211 849 2265 meet,
863 2221 901 2256 we
916 2205 969 2255 will
986 2205 1040 2257 talk
1058 2206 1088 2257 of
1101 2224 1171 2261 more
1188 2208 1326 2276 important

118 2296 220 2338 matters
232 2289 293 2338 than
309 2288 351 2338 the
362 2287 491 2337 fallacious
501 2295 589 2337 nature
600 2286 630 2335 ol
642 2286 684 2336 the
695 2301 787 2345 senses,
801 2284 853 2335 and
863 2284 955 2349 logical
965 2286 1081 2351 qnibbles
1092 2289 1171 2352 (147).
1205 2290 1326 2341 Lucullus

117 2386 238 2435 proposes
259 2371 314 2420 that
330 2370 373 2420 the
389 2370 562 2420 interlocutors
578 2368 668 2419 should
685 2367 806 2431 certainly
822 2374 888 2417 meet
904 2367 987 2432 again.
1021 2368 1125 2418 Catulus
1141 2385 1269 2439 expresses
1285 2370 1326 2423 hia

117 2449 196 2502 belief
209 2451 264 2502 that
276 2452 318 2503 the
329 2452 428 2518 sapiens
438 2458 505 2503 must
516 2452 595 2519 opine,
610 2450 685 2502 while
697 2449 849 2502 Hortensius
860 2457 929 2516 parts
939 2449 1001 2502 with
1012 2466 1028 2500 a
1036 2449 1085 2516 jest
1097 2449 1175 2515 (148).

266 2619 281 2693 ἓ
298 2636 341 2676 10.
388 2618 448 2678 The
459 2617 619 2693 dedicatory
630 2579 728 2693 epistle
739 2623 767 2677 to
789 2617 883 2677 Varro
897 2614 964 2697 (Ad
973 2617 1056 2675 Fam.
1073 2633 1116 2676 nc
1133 2614 1175 2697 8).

166 2756 221 2807 Etsi
235 2773 324 2807 munus
335 2755 454 2822 flagitare,
467 2754 580 2822 quamuis
595 2753 651 2821 quis
666 2753 825 2814 ostenderim,
837 2770 870 2806 ue
880 2755 987 2820 populus
998 2755 1100 2819 quidem
1111 2754 1176 2805 solet
1185 2752 1234 2804 nisi
1244 2753 1327 2808 conci·
1422 2783 1429 2797 =

115 2845 191 2898 tatus,
204 2846 288 2888 tamen
300 2853 347 2903 ego
358 2837 542 2902 exspectatione
554 2836 669 2901 promissi
681 2836 717 2886 tui
729 2852 839 2894 moneor,
852 2843 879 2885 ut
890 2837 1039 2886 admoneam
1053 2843 1087 2894 te,
1098 2852 1149 2906 non
1164 2843 1192 2887 ut
1207 2836 1326 2902 flagitem.

117 2918 179 2970 Misi
195 2927 279 2968 autem
296 2920 328 2969 ad
343 2927 369 2969 te
385 2925 503 2984 quattuor
519 2917 688 2967 admonitores
704 2933 755 2967 non
772 2917 847 2968 nimis
863 2917 1017 2967 uerecundos
1026 2933 1034 2978 ς
1051 2917 1118 2968 nosti
1132 2917 1199 2968 enim
1214 2918 1327 2983 protecto

113 3018 143 3052 os
155 3001 221 3051 illius
232 2999 435 3052 adolescentioris
446 2999 607 3050 Academiae.
643 2999 683 3049 Ex
694 3015 725 3049 ea
737 2999 812 3065 igitur
826 2999 910 3050 medie
924 2999 1045 3050 excitatos
1059 2999 1124 3058 misi,
1136 3000 1180 3066 qui
1194 3010 1280 3052 metuo
1293 3016 1327 3052 ne

113 3094 140 3136 te
157 3084 222 3134 forte
238 3084 365 3149 flagitent:
381 3099 429 3148 ego
445 3089 529 3132 autem
546 3080 670 3142 mundani,
690 3087 718 3130 ut
734 3086 858 3145 rogarent.
894 3081 1079 3146 Exspectabam
1095 3082 1199 3132 omnino
1215 3082 1266 3132 iam
1282 3083 1325 3135 dio

112 3182 205 3232 meque
220 3166 381 3226 sustinebam,
398 3180 431 3215 ne
447 3164 480 3215 nd
496 3171 522 3215 te
538 3164 606 3230 prius
623 3163 677 3228 ipse
693 3161 754 3227 q'uid
771 3162 905 3213 scriberem
921 3165 997 3228 qu'am
1014 3163 1109 3229 aliquid
1125 3165 1284 3230 accepissem,
1298 3174 1327 3217 ut

111 3263 213 3314 possem
231 3254 256 3297 te
272 3245 423 3297 remunerari
439 3261 514 3311 quam
533 3243 661 3295 simillimo
679 3257 790 3293 munere.
824 3244 876 3295 Sed
893 3258 952 3294 cum
966 3251 993 3294 tu
1010 3244 1105 3294 tardius
1118 3241 1220 3305 iaceres,
1236 3245 1263 3295 id
1278 3253 1325 3305 est,

111 3339 139 3380 ut
152 3345 201 3394 ego
212 3329 368 3394 interpretor,
382 3327 534 3393 diligentius,
547 3325 625 3377 teneri
635 3341 687 3376 non
698 3325 768 3391 potui
780 3325 841 3390 quin
853 3326 1056 3376 coniunctionem
1070 3325 1208 3377 studiorum
1222 3325 1326 3378 amoris·

111 3428 163 3479 que
175 3413 252 3464 nostri
263 3429 314 3478 quo
326 3427 424 3477 possem
435 3411 572 3461 litterarum
583 3424 675 3474 genere
686 3409 846 3459 declararem.
883 3408 942 3458 Feci
956 3408 1031 3473 igitur
1044 3424 1185 3458 sermonem
1199 3408 1264 3459 inter
1278 3425 1326 3462 nos

111 3493 228 3543 habitum
240 3493 266 3543 in
278 3493 402 3549 Cumano,
414 3507 471 3541 cum
489 3496 552 3540 esset
569 3505 620 3539 una
636 3489 799 3554 Pomponius.
832 3488 892 3539 Tibi
903 3488 962 3538 dedi
978 3496 1061 3553 partes
1076 3487 1251 3547 Antiochinas,
1263 3505 1326 3554 quas

111 3593 128 3628 a
145 3586 172 3627 te
188 3575 290 3642 probari
308 3573 459 3625 intellexisse
480 3571 542 3624 mihi
558 3571 676 3622 uidebar=
698 3570 761 3620 mihi
777 3570 873 3636 sumpsi
889 3569 1011 3620 Philonis.
1057 3569 1123 3619 Puto
1141 3569 1194 3619 tore
1212 3578 1250 3627 ut,
1267 3586 1325 3620 cum

110 3663 212 3729 legeris,
227 3662 316 3712 mirere
327 3676 372 3710 nos
388 3660 414 3710 id
431 3660 528 3708 locutos
539 3673 593 3707 esse
609 3655 672 3705 inter
687 3670 740 3716 nos,
755 3654 823 3720 quod
837 3668 974 3719 numquam
988 3652 1066 3703 locuti
1080 3668 1165 3702 sumus
1173 3668 1181 3712 3
1198 3652 1243 3702 sed
1259 3653 1325 3704 nosti

110 3759 211 3793 morem
230 3743 395 3806 dialogorum.
431 3740 491 3790 Post
510 3739 573 3788 haec
589 3745 681 3797 autem,
701 3735 736 3785 mi
752 3736 842 3795 Varro,
860 3750 935 3799 quam
952 3731 1067 3799 plurima,
1086 3732 1108 3783 si
1124 3731 1230 3793 uidetur,
1249 3739 1274 3782 et
1292 3733 1325 3783 de

109 3825 187 3876 nobis
198 3825 262 3876 inter
274 3841 333 3874 nos:
351 3839 406 3874 sero
417 3822 529 3879 sortasse,
540 3821 584 3870 sed
601 3818 755 3885 superiorum
772 3825 914 3883 temporum
929 3815 1030 3867 fortuna
1042 3813 1078 3866 rei
1093 3814 1209 3880 publicae
1223 3831 1325 3866 causam

108 3908 247 3958 sustinent:
258 3906 321 3957 haec
332 3905 379 3971 ipsi
391 3912 516 3971 praestare
527 3903 656 3954 debemus.
682 3901 769 3965 Atque
780 3899 875 3949 utinam
887 3897 977 3964 quietis
988 3896 1142 3963 temporibus
1152 3904 1228 3961 atque
1238 3897 1324 3962 aliquo

107 3991 131 4040 si
145 4006 198 4040 non
210 3989 287 4048 bono,
301 3997 327 4038 at
342 3987 430 4038 saltem
445 3993 513 4036 certo
528 3991 594 4034 statu
608 3981 718 4033 ciuitatis
733 3981 796 4032 haec
810 3981 875 4030 inter
889 3995 935 4030 nos
950 3978 1033 4029 studia
1047 3993 1161 4028 exercere
1177 3981 1324 4042 possemus!

108 4073 274 4136 Quamquam
284 4078 339 4120 tum
350 4068 452 4134 quidem
462 4068 503 4118 uel
514 4065 578 4118 alise
589 4063 722 4130 quaepiam
733 4063 842 4113 rationes
853 4062 971 4112 honestas
981 4059 1055 4110 nobis
1066 4067 1091 4109 et
1098 4074 1170 4109 curas
1179 4066 1203 4109 et
1212 4058 1324 4110 actiones

107 4156 217 4204 darem:
234 4167 300 4202 nunc
316 4159 399 4201 autem
415 4149 475 4214 quid
491 4155 528 4199 est
544 4147 598 4198 sine
612 4146 651 4197 his
665 4161 709 4196 cur
723 4145 809 4196 uiuere
823 4144 946 4195 uelimus?
979 4141 1044 4192 Mihi
1059 4157 1119 4192 uero
1135 4157 1193 4191 cum
1207 4140 1247 4191 his
1261 4140 1323 4208 ipsis

105 4237 161 4296 uix,
176 4235 310 4284 bisantem
322 4232 440 4283 detractis
451 4247 483 4280 ne
493 4231 535 4280 uix
546 4230 656 4296 quidem.
691 4227 742 4279 Sed
757 4227 820 4277 haec
834 4239 920 4276 coram
930 4232 956 4275 et
966 4223 1072 4290 saepius.
1109 4223 1286 4290 Migrationem
1296 4231 1323 4276 et

105 4318 266 4385 emptionem
278 4315 382 4366 feliciter
393 4313 492 4365 euenire
504 4314 563 4363 uolo
573 4320 694 4375 tuumque
705 4309 732 4360 in
743 4326 773 4360 ea
785 4324 811 4359 re
822 4307 953 4359 consilium
966 4307 1054 4371 probo.
1090 4306 1158 4356 Cura
1169 4311 1197 4356 ut
1207 4304 1300 4357 nalem.

278 4433 286 4461 ¹
299 4422 944 4483 ortendrnhereis‘topromise',aratherraremeaninz;
958 4422 986 4468 ei.
998 4423 1074 4476 Atto,
1085 4435 1116 4475 13,
1126 4429 1152 4474 4.·

1147 4506 1233 4571 6-2
