3100 4925
224 332 294 405 174
572 328 618 386 M
653 325 794 386 TULH
819 323 1065 385 CICERONIS
1362 320 1430 401 [13

213 531 315 594 quam
339 508 500 572 debuerat
522 504 750 589 triumphauit.
797 505 869 569 Nos
893 506 981 569 eninr
1005 501 1157 565 consules
1179 501 1430 565 introduximus

213 634 321 699 paene
345 612 378 674 in
402 611 518 674 urbem
541 629 672 672 currum
694 608 867 671 clarissimi
890 608 962 685 uiri,
979 607 1071 670 cuius
1095 605 1175 669 mihi
1198 605 1431 670 consiliumet

215 717 395 781 auctoritas
410 714 491 797 quid
507 724 579 778 tum
597 714 629 776 in
647 713 805 777 maximis
827 714 925 776 rebus
941 710 1118 795 profuisset
1133 710 1286 787 dicerem,
1302 710 1364 774 nisi
1383 712 1429 774 de

216 843 271 885 me
295 821 368 903 ipso
392 818 572 881 dicendum
600 826 697 896 esset,
721 817 813 901 quod
840 816 903 880 hoc
929 825 1081 898 tempore
1108 835 1175 879 non
1203 823 1253 878 est
1283 836 1427 879 necesse.

216 924 270 988 Ita
295 923 435 1005 priuabo
460 921 553 984 illurn
581 920 692 1004 potius
717 920 833 983 debito
853 918 1046 983 testimonio
1073 938 1173 1001 quam
1198 917 1232 981 id
1253 938 1329 981 cum
1351 931 1463 991 meas

216 1024 315 1089 laude
331 1023 584 1095 communicem.

178 1123 203 1192 4
282 1127 328 1193 II.
374 1126 441 1192 Sed
458 1148 545 1210 quae
559 1125 713 1210 populari
728 1124 835 1209 gloria
856 1126 1003 1189 decorari
1025 1124 1058 1187 in
1076 1122 1216 1189 Lucullo
1232 1122 1428 1200 debuerunt,

216 1255 256 1297 ea
271 1232 339 1297 fere
356 1241 434 1296 sunt
455 1240 489 1295 et
505 1231 642 1296 Graecis
661 1231 780 1293 litteris
802 1229 967 1293 celebrata
989 1238 1023 1292 et
1043 1228 1180 1291 Latinis.
1226 1227 1297 1290 Nos
1314 1235 1427 1290 autem

216 1335 272 1400 illa
288 1346 427 1400 externa
443 1356 519 1423 cum
537 1334 660 1412 multis,
676 1334 759 1398 haec
780 1334 936 1396 interiora
956 1354 1033 1396 cum
1048 1331 1162 1414 paucis
1178 1352 1222 1394 ex
1239 1332 1311 1414 ipso
1326 1352 1429 1414 saepe

216 1442 442 1524 cognouimus.
487 1439 617 1502 Maiore
633 1425 721 1502 enim
736 1438 849 1502 studio
866 1436 1024 1500 Lucullus
1040 1454 1116 1499 cum
1132 1436 1223 1499 omni
1243 1436 1427 1499 litterarum
1446 1462 1485 1500 10

215 1545 328 1628 generi
344 1554 416 1607 tum
437 1541 668 1625 philosophiae
683 1542 817 1604 deditus
840 1540 901 1604 fuit
923 1562 1024 1623 quam
1041 1540 1097 1622 qui
1119 1539 1211 1602 illum
1228 1538 1429 1621 ignorabant

216 1648 468 1724 arbitrabantur,
489 1668 550 1709 nec
571 1667 649 1710 uero
670 1643 806 1709 ineunte
827 1654 939 1709 aetate
962 1644 1080 1719 solum,
1099 1644 1157 1707 sed
1178 1652 1212 1707 et
1239 1664 1299 1726 pro
1326 1664 1428 1726 quae-

215 1760 304 1815 store
327 1750 455 1832 aliquot
478 1770 583 1813 annos
601 1758 635 1811 et
657 1748 690 1811 in
714 1750 788 1831 ipso
810 1747 907 1823 bello,
925 1748 958 1811 in
981 1768 1048 1830 quo
1067 1748 1113 1811 ita
1136 1764 1259 1830 magna
1279 1747 1325 1809 rei
1342 1746 1427 1809 mili-

265 1902 279 1935 a
297 1897 388 1950 paene:
399 1893 523 1949 penesero
534 1884 609 1932 Cant.
696 1897 710 1946 3
727 1881 872 1947 profuisset:
884 1880 1039 1945 proficisseut
1050 1882 1106 1931 cod.
1120 1882 1227 1931 Eliensis
1239 1882 1304 1931 Dau.
1314 1898 1320 1939 ;
1330 1882 1428 1946 suisset

216 1960 289 2017 Harl.
402 1979 416 2027 5
435 1965 481 2015 ita:
494 1965 578 2029 itaque
588 1965 666 2027 vaet
675 1963 731 2014 edd.
745 1972 842 2013 ueteres
853 1964 1007 2013 nonnullae.
1131 1963 1256 2013 filitteris:
1276 1965 1305 2013 in
1315 1966 1332 2013 l.
1349 1965 1423 2015 Cant.

217 2066 244 2100 ιι
262 2050 362 2115 generi:
376 2064 464 2112 genere
474 2047 548 2097 codd.
562 2062 616 2097 exc.
630 2045 704 2094 Harl.
773 2062 801 2095 ra
820 2053 844 2094 et
856 2061 902 2109 pro
913 2054 1055 2110 quaestore:
1074 2052 1096 2094 et
1106 2051 1219 2110 quaestor
1229 2046 1318 2096 Lamb.
1334 2046 1425 2105 Faber,

214 2132 272 2193 alii;
288 2132 332 2181 sed
344 2132 396 2180 uid.
408 2131 467 2180 adn.
479 2130 512 2179 ad
523 2131 536 2189 ἓ
551 2144 588 2179 ιι.
661 2142 690 2191 17
708 2127 811 2192 quique:
829 2126 862 2175 Bl
874 2128 902 2176 H
915 2127 978 2178 Bait.
994 2129 1022 2177 M
1030 2144 1038 2189 3
1054 2128 1154 2192 quicque
1165 2127 1199 2176 V¹
1206 2146 1214 2189 ;
1230 2144 1334 2193 cumque
1344 2128 1379 2178 V’
1390 2132 1425 2187 A,

215 2214 259 2265 sed
278 2214 303 2263 A
320 2229 375 2262 cum
392 2228 408 2262 a
427 2227 503 2262 manu
520 2226 568 2261 sec.
587 2210 613 2258 in
630 2224 694 2267 ras.;
716 2209 865 2273 quicumque
883 2208 957 2257 Harl.
1037 2209 1065 2257 18
1082 2225 1158 2274 quarn
1170 2218 1239 2259 ante:
1257 2226 1307 2274 qua
1318 2210 1421 2260 tuconi.

247 2354 271 2386 a.
304 2341 334 2386 tn
351 2340 456 2386 urbem:
479 2335 543 2385 until
560 2334 598 2383 his
615 2333 725 2398 triumph
742 2333 793 2382 Lu·
882 2331 920 2382 16.
954 2344 1016 2382 eum
1026 2344 1115 2381 aecum
1125 2336 1233 2383 habuit:
1251 2349 1280 2382 so
1290 2334 1425 2399 Pompeius

213 2403 293 2452 cullas
304 2402 388 2451 would
400 2401 495 2450 remain
506 2401 603 2449 outside
614 2400 657 2449 the
669 2401 726 2464 city.
845 2398 940 2447 carried
960 2399 1036 2447 about
1057 2398 1098 2448 the
1118 2398 1238 2448 historiari
1256 2400 1426 2465 Theophanes

247 2486 270 2532 3.
299 2471 456 2528 proruisset:
473 2467 517 2516 but
532 2466 570 2515 for
586 2467 628 2515 the
639 2464 794 2514 conditional
845 2463 905 2513 with
914 2463 967 2513 him
978 2479 1011 2512 on
1022 2463 1061 2514 his
1072 2465 1229 2528 campaigns;
1247 2480 1288 2515 see
1297 2467 1373 2517 Arch.
1386 2483 1425 2531 ²4·

213 2534 315 2583 dicerem
328 2534 381 2584 Cic.
392 2533 475 2582 would
486 2532 610 2597 probably
620 2531 684 2580 have
696 2530 794 2579 written
845 2529 928 2578 There
944 2529 965 2578 is
981 2544 1014 2578 an
1031 2530 1134 2579 obscure
1152 2545 1255 2606 passage
1271 2533 1298 2580 in
1313 2533 1369 2581 Att.
1385 2549 1423 2596 13,

207 2599 343 2663 profuerit.
801 2606 803 2610 ’
846 2609 885 2657 33.
899 2612 912 2658 3
926 2594 1007 2644 which
1018 2610 1098 2644 seems
1109 2601 1135 2644 to
1151 2596 1229 2660 rmply
1240 2596 1294 2646 that
1307 2597 1427 2648 Lucullus

248 2678 270 2726 5.
305 2659 791 2723 pumuo...uaumon102cf.ve11.2,
844 2660 974 2709 conferred
1001 2676 1034 2709 on
1062 2660 1202 2710 Antiochus
1229 2661 1272 2711 the
1299 2661 1427 2727 honorary

215 2745 253 2793 32,
265 2746 278 2778 a
291 2744 350 2777 uero
361 2727 503 2777 testimonio
514 2726 627 2775 fraudare
638 2725 724 2775 noluit.

246 2797 336 2849 aanor
357 2794 670 2851 quam...oommuutoam:
696 2791 734 2839 sor
751 2789 794 2839 the

213 2857 383 2908 construction
400 2858 430 2906 of
447 2857 530 2920 potius
551 2871 628 2920 quam
649 2871 691 2905 see
713 2871 737 2904 n.
759 2871 794 2903 on

213 2926 290 2986 §233
307 2922 345 2971 for
364 2923 407 2971 the
424 2922 514 2986 phrase
536 2921 730 2970 ‘communicare
749 2921 793 2968 ali·

214 3003 290 3100 qurltm
308 3003 361 3036 rem
379 3003 435 3036 cunr
452 2986 537 3049 aliqua
552 2985 590 3035 re'
606 3001 647 3034 see
664 3001 706 3050 my
721 3002 746 3034 n.
758 3001 793 3034 on

215 3053 287 3102 Bab.
301 3068 340 3113 ²4·

247 3119 271 3166 8.
305 3118 550 3167 estere...1.attnle:
568 3115 607 3164 for
616 3115 659 3164 the
671 3121 792 3164 structure

214 3183 242 3232 of
252 3182 301 3232 this
312 3183 394 3231 clause
405 3181 436 3231 cf.
450 3197 476 3230 n.
488 3197 522 3230 on
536 3197 556 3240 ι,
574 3194 602 3243 17
614 3180 792 3230 erant...soliti.

247 3262 271 3312 9.
304 3250 594 3297 externa...inieriorar
622 3245 654 3294 cf.
682 3245 741 3294 Diu.
766 3261 790 3305 a,

216 3329 263 3376 ιιι
278 3314 323 3364 sed
340 3313 402 3361 haec
418 3327 518 3376 quoque
535 3311 561 3361 in
577 3318 708 3376 promptu;
725 3326 792 3360 nune

213 3379 331 3428 interiora
341 3377 482 3435 uideamus;
500 3377 571 3426 Fam.
584 3391 607 3440 3,
622 3392 658 3434 ιο,
669 3389 684 3440 9
695 3377 793 3426 litterae

214 3444 349 3494 interiores.

246 3521 306 3558 oum
332 3511 656 3567 panau...eornou1mus:
687 3506 738 3570 just
765 3506 792 3555 iu

214 3575 256 3624 the
276 3590 343 3623 same
360 3589 415 3637 way
432 3575 457 3621 in
473 3574 516 3623 the
533 3575 585 3622 ‘De
603 3571 720 3623 Oratore’
735 3572 789 3621 Cic.

213 3648 295 3688 strove
308 3647 333 3688 to
344 3639 444 3688 combat
456 3639 498 3688 the
509 3638 609 3702 general
624 3638 727 3701 opinion
738 3637 792 3686 that

214 3705 339 3754 Antonius
349 3703 400 3752 and
412 3705 515 3753 Crassus
524 3719 589 3752 were
599 3703 747 3760 unleamed3
765 3704 793 3750 in

214 3771 255 3818 De
269 3770 313 3820 Or.
333 3785 355 3827 a,
379 3784 389 3817 ι
410 3768 442 3816 he
460 3785 516 3831 says
534 3768 594 3831 they
612 3768 674 3817 took
693 3783 748 3816 care
765 3776 792 3817 to

213 3837 316 3884 conceal
334 3834 399 3884 their
418 3833 502 3883 Greek
518 3833 639 3896 learning.
673 3833 726 3882 For
742 3833 793 3882 Lu·

214 3901 293 3950 cullus
304 3914 345 3948 see
357 3899 452 3948 Introd.
466 3915 491 3962 p.
508 3913 547 3963 33.

250 3981 286 4014 ιι.
322 3967 428 4014 deditus
444 3967 512 4014 tua:
530 3970 589 4012 note
600 3962 643 4012 the
659 3962 792 4013 difference

213 4030 326 4079 between
355 4030 404 4079 this
430 4027 481 4078 and
507 4029 606 4078 deditus
628 4036 679 4088 est;
708 4027 789 4092 Roby,

218 4094 415 4158 Gram.§1453.

248 4174 287 4208 ra.
321 4159 698 4218 proquaestoramntn.

249 4240 287 4287 14.
321 4227 370 4273 aab
381 4229 447 4283 tusis
457 4228 586 4283 petubas:
604 4225 634 4273 ct.
648 4224 712 4288 Rep.
728 4239 749 4279 ι,
761 4235 790 4286 17

215 4288 323 4337 Rutilius
343 4289 444 4353 quidem
463 4299 548 4339 noster
566 4290 641 4338 etiam
661 4290 708 4338 sub
730 4289 791 4353 ipsis

214 4352 366 4402 Numantiae
380 4355 510 4404 moenibus
525 4355 622 4404 solebat
638 4370 735 4403 mecum
754 4354 791 4402 in·

213 4420 311 4469 terdum
322 4419 375 4468 eius
385 4419 455 4469 modi
465 4419 559 4483 aliquid
570 4419 721 4483 conquirere.

845 2726 954 2789 military
965 2725 1027 2774 rank
1039 2725 1068 2774 of
1076 2733 1199 2790 quaestor.

881 2793 918 2840 18.
936 2793 1190 2848 eamemortaqaam
1199 2793 1268 2842 uxi:
1279 2794 1422 2856 manyedd.

844 2855 908 2904 have
926 2856 984 2905 read
999 2872 1048 2920 qua
1066 2855 1130 2904 dixi.
1165 2855 1236 2905 With
1256 2873 1302 2906 our
1319 2875 1426 2924 passage

844 2921 877 2968 cf.
891 2921 946 2969 Fin.
961 2937 981 2980 r,
1000 2936 1032 2985 29
1046 2920 1093 2968 ista
1109 2920 1142 2969 sis
1157 2921 1282 2985 aequitate
1314 2940 1372 2972 uam
1384 2940 1425 2974 os·

844 2986 933 3045 tendis,
954 2986 1037 3035 where
1060 2986 1145 3034 Madv.
1166 2986 1212 3035 has
1234 3003 1266 3035 an
1285 2939 1426 3039 admirable

844 3059 914 3108 note;
933 3067 973 3101 see
990 3050 1044 3099 also
1061 3051 1143 3099 Bentl.
1160 3067 1193 3100 on
1212 3052 1275 3102 ΙΙοι.
1293 3061 1340 3102 sat.
1360 3071 1381 3114 1,
1400 3054 1424 3114 6,

847 3130 874 3178 15
893 3115 976 3166 iudice
994 3131 1045 3181 quo
1064 3115 1138 3166 nosti.
1173 3117 1204 3165 In
1226 3118 1286 3167 such
1306 3135 1425 3184 passages

844 3197 871 3228 as
882 3196 939 3230 ours
951 3181 993 3230 the
1005 3181 1108 3245 reading
1119 3181 1140 3230 is
1151 3181 1220 3230 often
1230 3185 1368 3242 uncertain,
1378 3187 1425 3236 but

844 3247 886 3294 the
895 3245 1035 3298 accusative
1043 3246 1072 3294 of
1077 3247 1424 3312 therelativepredominates.

845 3311 877 3358 ln
890 3311 932 3360 the
948 3311 1077 3375 following
1094 3327 1210 3377 passages
1227 3313 1269 3363 the
1286 3315 1340 3364 best
1358 3324 1424 3366 texts

843 3377 900 3439 give
916 3376 958 3426 the
975 3377 1033 3434 abl,
1054 3378 1099 3424 viz.
1118 3377 1175 3427 Ter.
1198 3379 1277 3427 Haut.
1300 3394 1321 3440 1,
1346 3397 1367 3440 1,
1391 3395 1423 3444 35

843 3457 918 3490 causa
937 3456 986 3505 qua
1008 3442 1075 3500 dixi;
1100 3441 1166 3508 Nep.
1188 3444 1273 3494 Hann.
1296 3459 1318 3507 3,
1343 3463 1353 3496 ι
1375 3445 1425 3497 hac

843 3522 893 3570 qua
912 3507 1019 3556 diximus
1038 3515 1132 3566 aetate;
1151 3509 1222 3557 Fam.
1243 3525 1280 3573 13,
1300 3509 1341 3573 64.
1359 3527 1372 3562 a
1392 3527 1425 3561 eo

843 3571 926 3621 studio
937 3588 987 3636 quo
998 3573 1142 3632 ostendisti;
1159 3574 1224 3624 Tim.
1240 3588 1268 3638 15
1281 3591 1311 3624 ea
1322 3592 1424 3641 compa-

844 3637 939 3686 ratione
952 3653 1001 3701 qua
1012 3638 1072 3686 dixi.
1107 3639 1138 3686 In
1150 3640 1206 3690 Cat.
1222 3655 1254 3688 m.
1271 3637 1302 3702 56
1320 3641 1352 3690 all
1372 3655 1423 3692 sess

844 3702 907 3751 have
921 3701 1086 3752 delectatione
1098 3719 1148 3767 qua
1158 3703 1218 3762 dixi,
1231 3705 1275 3754 but
1287 3721 1315 3754 as
1325 3707 1369 3756 the
1380 3709 1423 3758 de-

842 3768 1003 3817 monstrative
1018 3783 1133 3832 prououn
1148 3767 1197 3834 (ea)
1213 3770 1275 3819 does
1290 3778 1334 3821 not
1349 3789 1424 3823 occur

843 3832 870 3882 in
881 3832 924 3881 the
935 3848 1047 3896 passage.
1060 3834 1153 3883 editors
1164 3850 1206 3883 are
1221 3837 1344 3899 probably
1355 3838 1424 3902 right

843 3897 869 3946 in
883 3898 986 3962 reading
1001 3914 1086 3962 quarn.
1121 3899 1203 3948 When
1221 3900 1264 3949 the
1280 3901 1383 3952 relative
1404 3905 1425 3953 is

842 3963 869 4011 in
887 3979 935 4027 any
952 3964 1024 4012 other
1040 3979 1097 4013 case
1113 3964 1173 4014 than
1191 3964 1233 4014 the
1250 3966 1301 4014 abl.
1319 3967 1377 4018 fem.
1394 3985 1424 4019 or

843 4037 909 4077 neut.
930 4028 949 4077 it
966 4029 987 4078 is
1003 4029 1083 4078 easier
1098 4035 1124 4079 to
1142 4036 1204 4080 trust
1220 4031 1263 4079 the
1281 4043 1339 4092 arsa,
1354 4050 1382 4082 as
1397 4035 1424 4084 in

844 4093 915 4142 Caes.
922 4095 951 4142 B.
958 4095 990 4144 G.
999 4105 1021 4152 5,
1032 4103 1180 4144 asereentas
1188 4095 1241 4145 eius
1248 4098 1346 4160 generis
1353 4099 1425 4148 cuius

843 4174 916 4222 supra
928 4159 1159 4210 demonstrauimus.
1191 4162 1216 4209 A
1225 4162 1287 4210 kind
1296 4162 1325 4210 of
1333 4171 1422 4215 attrac-

842 4223 896 4272 tion
907 4224 928 4272 is
939 4224 1050 4274 ufforded
1065 4225 1099 4288 by
1110 4225 1152 4275 the
1164 4237 1215 4274 nass
1227 4228 1331 4292 reading
1341 4246 1422 4292 quean-

842 4295 894 4337 tam
909 4289 995 4364 ⁵¹¹.bk·
1014 4302 1023 4339 1
1041 4291 1054 4350 ς
1074 4303 1102 4353 7;
1120 4291 1165 4340 but
1182 4292 1251 4342 there
1268 4293 1310 4342 the
1327 4309 1384 4343 ease
1401 4297 1424 4346 is

842 4354 1424 4489 tt.l¹ftt.¹.¹l.it.¹tt.ttttattat
1481 4417 1488 4426 ·
