3100 4925
223 298 292 367 160
575 312 621 370 M
656 312 688 369 T
687 310 793 371 ULLI
823 309 1069 373 CICERONIS
1292 306 1424 392 [x1146

215 489 274 571 qui
294 487 389 551 illum
411 487 596 560 audierant,
613 484 829 573 maximeque
852 506 897 549 ex
920 484 1077 567 Epicurio
1101 486 1244 558 Zenone,
1269 487 1326 569 qui
1349 507 1424 551 cunr

216 592 260 655 ab
278 613 319 656 eo
339 591 520 675 plurimum
543 591 744 665 dissentiret,
761 608 864 652 unum
887 597 1001 652 tamen
1023 598 1156 683 praeter
1178 598 1307 655 ceteros
1328 592 1427 654 mira-

216 696 323 770 batur,
340 694 523 759 incredibili
539 694 685 777 quadam
702 692 765 756 fuit
781 690 939 755 facultate
943 739 1066 755 .........

261 892 271 925 r
290 876 417 941 epicurio:
440 876 539 941 epicuro
555 877 581 926 A
598 873 672 925 Harl.
686 891 709 933 a,
724 876 767 940 Εψ
776 892 785 935 3
808 875 920 939 Epicuro
936 882 959 925 et
975 848 1047 925 llarl.
1065 890 1086 937 1,
1102 876 1177 927 Burn.
1296 893 1310 941 3
1326 878 1427 929 dicendi

217 955 288 1007 addit
299 956 422 1009 Krische:
438 964 462 1007 et
471 965 496 1009 to
507 957 544 1020 G;
562 974 612 1008 om.
625 965 698 1017 cett.;
715 965 738 1007 et
748 958 815 1021 copia
826 957 922 1006 dicendi
932 956 1022 1006 HBM.

218 1108 351 1160 sonnation
370 1108 447 1158 about
467 1107 611 1158 Carneades
628 1106 671 1159 the
692 1107 795 1157 student
845 1104 875 1154 os
888 1111 986 1168 oratory
995 1104 1068 1155 made
1086 1121 1101 1155 u
1118 1121 1177 1170 very
1191 1112 1260 1170 great
1277 1106 1423 1173 impression

217 1182 284 1225 must
295 1189 328 1238 go
340 1181 366 1222 to
377 1173 466 1223 Zeller.
846 1185 879 1219 on
890 1170 934 1219 the
946 1170 1057 1219 Romans
1068 1178 1093 1219 at
1105 1170 1148 1219 the
1159 1171 1219 1220 time
1230 1170 1260 1220 ol
1270 1171 1313 1222 the
1328 1172 1424 1223 famous

254 1256 274 1289 r.
311 1239 555 1297 sprounozononez
573 1237 611 1287 lor
627 1237 670 1287 the
686 1236 796 1302 position
846 1235 970 1299 embassy·
1007 1234 1046 1284 Cl.
1066 1234 1176 1285 Lucilius
1191 1236 1208 1285 l.
1232 1252 1269 1300 14,
1287 1237 1327 1287 ed.
1344 1238 1423 1287 Lach-

217 1303 248 1353 oi
261 1303 304 1353 the
323 1304 427 1367 epithet,
445 1303 580 1367 preceding
595 1303 638 1352 the
653 1318 734 1361 name,
754 1318 796 1351 see
846 1315 929 1361 maun,
943 1298 1037 1364 quoted
1053 1299 1116 1349 lrom
1137 1301 1288 1361 Lactantius,
1311 1302 1422 1362 ‘Lucilii

218 1386 243 1419 n.
262 1384 296 1418 on
315 1384 338 1428 u,
360 1380 405 1432 137
426 1367 526 1417 Stoicus
543 1368 677 1432 Diogenes.
714 1367 752 1416 As
768 1375 795 1417 to
847 1366 913 1429 apud
937 1380 1011 1429 quem
1033 1366 1156 1414 disserens
1179 1365 1211 1415 de
1235 1382 1261 1415 re
1278 1366 1425 1418 difficillima

217 1434 293 1493 Zeno,
310 1433 406 1482 consult
421 1432 510 1490 Zeller,
524 1444 558 1481 111
573 1448 593 1492 r,
612 1446 669 1496 373,
686 1432 726 1482 ed.
741 1448 755 1495 3
768 1447 797 1480 or
847 1430 955 1479 ostendit
977 1445 1029 1479 non
1051 1446 1124 1493 posse
1143 1430 1169 1479 id
1188 1432 1307 1496 explicari
1326 1447 1380 1483 nec
1398 1434 1423 1483 si

218 1499 301 1550 Stoica
312 1505 360 1547 etc.
372 1514 398 1563 p.
411 1499 466 1562 389,
480 1497 512 1545 Ε.
524 1498 568 1546 Tr.
848 1495 1028 1545 Carneaden
1045 1495 1141 1559 ipsum
1159 1495 1250 1545 Orcu’
1267 1497 1423 1547 remittat‘.

252 1579 276 1625 3.
308 1566 449 1612 mute:
468 1563 590 1627 probably
601 1561 644 1611 the
655 1570 715 1611 next
726 1562 796 1611 word
848 1560 887 1609 Cf.
900 1561 954 1609 also
968 1560 1009 1609 De
1025 1560 1069 1609 Or.
1088 1575 1110 1622 3,
1127 1559 1175 1621 683
1192 1562 1257 1626 Rep.
1271 1576 1293 1625 3,
1309 1564 1339 1623 ὃς
1356 1563 1423 1613 Gell.

218 1644 270 1678 was
285 1627 393 1677 dt'cmdi:
409 1626 441 1676 cl.
454 1627 494 1676 De
512 1628 557 1677 Or.
571 1640 593 1686 r,
611 1625 653 1677 161
671 1627 796 1677 Carneadi
847 1624 871 1681 6,
896 1638 933 1685 14,
955 1640 984 1674 ro
1001 1625 1111 1674 uiolenta
1130 1634 1155 1675 et
1178 1627 1264 1691 rapida
1282 1628 1425 1679 Carneades

218 1693 256 1742 uis
264 1691 415 1743 incredibilis
424 1690 533 1741 dicendi.
552 1691 702 1742 Carneades’
711 1708 796 1758 power
848 1690 947 1741 dicebat
960 1689 1034 1753 (from
1047 1690 1183 1755 Polybius).
