3100 4925
192 322 266 394 240
552 317 600 380 M.
628 320 768 382 roras
794 317 1043 381 crcnaoms
1243 311 1348 397 [xvu
1369 328 1405 390 5²

192 504 397 569 omittamus,
444 502 534 568 Illud
561 504 650 568 enim
674 503 824 580 dicimus,
849 497 917 569 noh
943 504 1085 568 eandem
1111 495 1184 566 esse
1206 501 1275 566 uim
1300 519 1410 584 neque

193 610 419 694 integritatem
444 608 680 672 dormientium
703 616 738 671 et
760 606 972 690 uigilantium
996 627 1057 671 nec
1080 615 1193 670 mente
1215 624 1276 669 nec
1298 623 1408 668 sensu.

194 714 249 778 Ne
271 711 431 776 uinulenti
456 712 591 795 quidem
615 732 701 794 quae
724 710 858 788 iaciunt,
875 713 993 775 eadem
1017 710 1260 794 approbatione
1283 708 1409 772 iaciunt

193 837 260 900 qua
275 816 395 880 sobrii:
416 815 581 891 dubitant,
596 813 772 892 haesitant,
785 824 943 879 reuocant
957 837 994 878 se
1011 815 1177 879 interdum
1194 815 1307 896 eisque
1322 833 1408 897 quae

193 924 356 998 uidentur,
372 920 567 985 imbecillius
582 921 823 998 adsentiuntur,
838 941 981 1003 cumque
995 920 1252 995 edormiuerunt,
1267 916 1325 981 illa
1337 917 1408 980 uisa
1424 929 1441 989 5

194 1045 297 1109 quam
318 1024 405 1088 leuia
425 1022 545 1088 luerint
566 1021 773 1106 intellegunt.
820 1022 920 1106 Quod
936 1024 1026 1088 idem
1042 1023 1206 1107 contingit
1222 1021 1354 1096 insanis,
1371 1030 1408 1086 ut

194 1139 229 1193 et
252 1128 447 1212 incipientes
469 1127 577 1191 furere
598 1127 744 1191 sentiant
768 1135 802 1190 et
825 1128 938 1192 dicant
960 1126 1096 1210 aliquid,
1113 1125 1204 1210 quod
1220 1124 1356 1202 nonsit,
1373 1125 1407 1188 id

195 1231 301 1296 uideri
325 1230 398 1308 sibi,
422 1239 465 1307 et,
485 1250 562 1293 cum
585 1229 787 1306 relaxentur,
809 1230 954 1294 sentiant
981 1239 1083 1313 atque
1108 1227 1165 1292 illa
1189 1227 1302 1292 dicant
1325 1225 1407 1289 Alc·

196 1353 366 1398 maeonis:

218 1490 298 1554 ‘sed
314 1489 394 1552 mihi
410 1509 453 1552 ne
468 1488 621 1571 utiquam
636 1508 693 1552 cor
708 1489 874 1553 consentit
890 1509 967 1553 cum
982 1487 1156 1554 oculorum
1172 1483 1390 1569 adspectu'...
1425 1506 1463 1546 10

132 1645 179 1715 53
197 1649 248 1719 At
268 1650 357 1716 enim
379 1651 449 1735 ipse
470 1653 602 1734 sapiens
621 1647 763 1715 sustinet
779 1670 814 1714 se
830 1651 863 1714 in
880 1649 996 1729 surore,
1012 1672 1054 1715 ne
1070 1650 1234 1735 approbet
1249 1648 1332 1714 salsa
1348 1669 1409 1732 pro

197 1752 310 1818 ueris·
338 1752 383 1817 Et
403 1753 486 1818 alias
500 1752 636 1836 quidem
653 1771 762 1834 saepe,
777 1753 805 1815 si
821 1761 879 1816 aut
895 1753 927 1815 in
944 1751 1096 1816 sensibus
1112 1752 1215 1836 ipsius
1230 1760 1281 1816 est
1296 1750 1409 1832 aliqua

198 1855 283 1923 forte
302 1857 450 1940 grauitas
470 1865 528 1920 aut
548 1857 688 1920 tarditas
708 1862 767 1919 aut
782 1855 972 1921 obscuriora
986 1866 1064 1921 sunt
1080 1877 1166 1940 quae
1182 1857 1336 1920 uidentur
1351 1862 1410 1918 aut

249 2078 264 2127 3
281 2062 459 2128 ne...quidem:
477 2077 521 2112 nec
531 2077 556 2113 u.
571 2059 662 2126 A¹ss¹e
674 2063 766 2124 Cant.;
783 2079 814 2113 ue
824 2079 850 2113 u.
863 2063 896 2113 V.
1059 2061 1197 2114 uinuleuti:
1214 2058 1314 2116 B¹VM3
1332 2057 1411 2108 ιιίιισΙ.

201 2150 261 2193 cett.
376 2157 406 2194 ιο
421 2158 455 2192 ne
470 2142 596 2208 utiquam:
614 2143 754 2193 necessario
770 2143 820 2194 hoc
837 2159 884 2209 pro
900 2145 1046 2210 nmiquam
1059 2145 1137 2202 dedit,
1151 2143 1267 2194 Ribbeck
1278 2144 1311 2194 al.
1324 2145 1361 2204 (ut
1373 2151 1411 2194 est

201 2325 354 2440 responding
369 2327 457 2377 deinde
470 2327 502 2378 ci.
515 2343 542 2378 n.
553 2344 588 2379 on
598 2330 612 2389 ς
623 2328 655 2392 46
670 2331 781 2395 primum
831 2345 907 2446 bean
922 2333 1093 2381 inbecilline:
1113 2330 1145 2382 cs.
1161 2347 1182 2388 ι,
1196 2343 1226 2394 42
1244 2329 1412 2396 opinio...im·

204 2407 250 2442 ...a
260 2401 340 2441 terum
351 2399 398 2442 eet.
866 2397 888 2446 ci
910 2411 932 2446 a.

234 2461 501 2509 ”emmeramum
518 2476 544 2508 n.
554 2463 612 2521 ont
627 2457 673 2509 ιιό
681 2469 707 2510 at
718 2459 781 2511 illud
864 2466 1078 2512 edormiuerunt:
1108 2463 1188 2512 ‘have
1215 2462 1279 2538 slept
1306 2459 1345 2510 off
1368 2461 1413 2511 the

202 2530 269 2572 unle-
832 2527 917 2577 ellects
926 2527 945 2585 ἰ
963 2528 995 2577 cl.
1005 2528 1070 2577 Phil.
1084 2543 1106 2585 ι,
1119 2544 1151 2591 ³0
1162 2527 1258 2577 edormi
1269 2526 1413 2591 crepularut

238 2601 260 2636 ι.
292 2590 361 2637 sslud
382 2591 494 2638 damur
519 2594 583 2639 etat
606 2589 666 2639 Diu.
685 2605 708 2649 a,
735 2588 782 2640 126
832 2593 881 2642 und
898 2593 1199 2656 dropplteoinHomen
1218 2592 1412 2653 Hor.sat.e.3,

202 2652 348 2717 praesertim
365 2669 422 2703 cum
443 2654 599 2719 Chrysippus
616 2655 784 2706 Academicos
830 2655 861 2707 61
881 2657 989 2708 Ilionam
1005 2658 1113 2707 edormit
1132 2659 1227 2722 ‘sleeps
1242 2656 1350 2719 through
1368 2656 1413 2705 the

203 2717 317 2767 refellens
328 2718 452 2783 permulto
462 2719 568 2768 clariora
578 2728 603 2769 et
614 2720 719 2770 certiore
729 2736 784 2769 esse
832 2722 907 2787 part'.
945 2723 1026 2772 Plaut.
1038 2723 1089 2772 und
1100 2724 1159 2773 Ter.
1170 2722 1235 2771 hare
1244 2722 1406 2771 edormiscere.

203 2783 271 2831 dicat
288 2798 353 2847 quae
374 2782 536 2847 uigilantibus
554 2785 687 2835 uideantur
708 2801 784 2851 quam
865 2786 889 2838 6.
922 2791 1066 2847 munnere:
1083 2804 1125 2837 see
1135 2804 1160 2837 n.
1175 2789 1284 2847 0n§ae.

203 2862 268 2912 quae
279 2847 469 2897 somniantibus.
864 2865 885 2915 7.
923 2854 1026 2902 faeere:
1044 2853 1126 2902 better
1137 2852 1215 2902 taken
1230 2852 1290 2901 with
1301 2850 1414 2899 sentiant

239 2928 263 2974 ³·
302 2915 452 2962 malenti:
484 2913 566 2963 better
592 2913 701 2978 spelling
723 2914 784 2965 than
831 2916 892 2966 than
905 2918 965 2966 with
976 2917 1138 2982 incipientes:
1157 2916 1349 2967 ‘areconscious
1358 2916 1413 2966 that

204 2976 345 3033 nimitum
361 2992 403 3026 aee
414 2979 444 3027 C.
460 2977 489 3026 F.
502 2978 544 3027 W.
557 2977 672 3028 Miiller’e
682 2980 738 3029 crit.
750 2996 777 3029 n.
831 2982 890 3046 they
901 2997 942 3031 are
954 2983 1012 3031 mad
1020 2979 1036 3029 '.

237 3045 443 3101 approbatione:
463 3041 612 3093 ‘decision’.
864 3048 935 3105 qnod
952 3060 1007 3097 non
1024 3051 1076 3096 att:
1093 3062 1135 3097 see
1152 3062 1178 3096 n.
1196 3048 1260 3106 ons
1281 3060 1310 3096 ro
1324 3046 1345 3095 si
1360 3060 1412 3095 non

238 3126 263 3170 4.
295 3110 448 3157 munt:
465 3108 496 3157 cl.
512 3110 525 3168 ς
539 3123 570 3171 ¹4
584 3108 689 3159 haerent
700 3108 786 3174 aliquo
832 3110 931 3162 luerint.
974 3112 1014 3163 Cf.
1040 3113 1105 3161 Hor.
1128 3121 1174 3162 sat.
1200 3127 1223 3171 ι,
1250 3127 1272 3173 3,
1299 3113 1347 3161 208
1368 3110 1412 3175 qui

205 3169 270 3222 loco.
306 3172 359 3221 Cic.
368 3173 661 3237 alwaysuseshoesr'tare
670 3174 696 3223 in
707 3184 784 3223 meta·
831 3177 927 3243 species
941 3177 1019 3227 alias
1036 3178 1116 3227 ueris
1131 3176 1279 3241 scelerisque
1290 3176 1411 3239 tumultu}

205 3237 318 3301 phorical
339 3253 431 3287 censes.
466 3238 507 3287 Ct'.
529 3254 550 3298 r,
572 3255 603 3299 43
626 3254 650 3295 ι,
672 3253 716 3300 ι5;
739 3254 785 3305 pro
831 3242 966 3307 permixtas
977 3242 1067 3307 capiet,
1081 3251 1221 3292 commotus
1231 3241 1372 3291 habebitur.

118 3364 124 3371 .
205 3302 274 3351 dom.
297 3318 344 3365 140
361 3303 543 3361 identidemse
559 3304 613 3367 ipse
632 3305 781 3364 reuocando,
862 3309 906 3356 ωε
923 3307 1050 3370 emphatic
1061 3322 1089 3357 as
1100 3308 1125 3357 in
1137 3310 1150 3369 5
1163 3308 1195 3357 88
1208 3307 1233 3356 id
1247 3316 1387 3370 quaeretur.

204 3367 322 3417 dubitans
344 3367 442 3429 timens,
468 3369 607 3429 haesitans3
630 3368 671 3419 De
694 3369 738 3419 Or.
759 3386 784 3426 ι,
865 3374 889 3422 8.
922 3376 1088 3423 relaxatum
1107 3372 1138 3421 cs.
1154 3372 1219 3421 Phil.
1239 3386 1261 3431 a,
1283 3386 1314 3435 39
1331 3370 1411 3419 homi·

206 3447 252 3483 eoa
270 3432 314 3497 qui
331 3433 421 3482 timorl
461 3448 508 3483 uae
530 3433 666 3484 dubitatiol
690 3442 785 3499 quanta
832 3451 877 3487 nes
888 3436 1013 3487 interdum
1023 3437 1114 3486 animis
1126 3437 1273 3487 relaxantur.
1312 3437 1340 3485 ln
1353 3436 1411 3485 Fin.

204 3497 353 3573 baesitatiol
386 3450 506 3548 Thebast
522 3506 574 3547 two
587 3500 673 3573 ¹words
689 3515 731 3549 are
746 3514 784 3549 re-
833 3514 855 3560 a,
870 3516 901 3577 94
914 3502 1027 3551 relaxare
1038 3502 1059 3552 is
1070 3503 1130 3552 used
1147 3501 1336 3563 intransitively.
1370 3500 1410 3551 Cl.

202 3563 286 3627 Jected
297 3564 331 3626 by
339 3571 404 3612 most
415 3563 473 3613 edd.
487 3565 539 3624 (see
551 3562 669 3613 erlcins’
680 3564 727 3624 n),
738 3564 784 3614 bnt
833 3567 912 3616 Arist.
925 3568 990 3616 Rau.
1004 3580 1051 3628 Ιῑοο
1063 3569 1154 3616 ἀνιέναι
1166 3564 1209 3626 τῆς
1219 3565 1300 3628 ὀργῆς.

204 3628 300 3677 receive
315 3643 343 3677 sa
363 3636 418 3693 port
429 3628 494 3677 from
504 3630 725 3693 ourpassageand
736 3644 783 3693 pro
863 3635 1076 3681 Alcmaeonlezn
1114 3632 1154 3696 lay
1171 3632 1200 3681 ol
1216 3632 1321 3690 Ennius,
1343 3630 1412 3680 osten

204 3694 274 3743 dom.
291 3707 337 3755 ¹40
376 3693 478 3757 recisely
488 3694 560 3754 like).
593 3694 629 3742 At
645 3694 678 3743 all
696 3703 783 3744 events
833 3697 926 3773 quoted
943 3697 977 3761 by
994 3698 1061 3753 Cic.;
1079 3648 1188 3762 clean
1224 3697 1307 3745 These
1324 3704 1411 3760 quota·

205 3758 264 3823 they
274 3757 346 3807 show
356 3757 411 3807 that
421 3757 497 3808 Sorol
506 3774 557 3807 was
564 3774 650 3822 wrong
661 3760 688 3808 in
699 3759 782 3809 think·
833 3770 899 3811 ttons
908 3762 971 3811 from
983 3770 1055 3826 poets
1063 3777 1127 3811 were
1138 3778 1154 3812 a
1165 3761 1269 3811 marked
1281 3761 1374 3811 feature
1386 3760 1415 3811 ol

205 3823 250 3887 ing
268 3824 323 3873 that
343 3822 398 3873 Cic.
424 3823 499 3872 could
528 3832 573 3872 not
596 3824 659 3873 have
684 3824 783 3874 written
833 3826 875 3877 the
886 3826 936 3876 late
947 3826 1031 3877 Greek
1042 3826 1142 3892 philoso
1160 3826 1202 3877 hic
1212 3826 1331 3890 writings.

205 3895 303 3954 quanta
323 3887 444 3937 dubitatio
470 3888 520 3936 and
540 3895 634 3952 quanta
655 3888 783 3938 haesuram
869 3906 907 3941 ιο.
940 3904 999 3941 corr
1017 3843 1292 3955 poeticalibranr'mus.

205 3953 327 4018 together.
364 3953 415 4003 For
438 3960 602 4002 retrocurrere
625 3953 719 4003 further
746 3953 779 4003 ci.
817 3968 824 3979 ·
869 3972 906 4007 ιι.
940 3960 1056 4006 mmet
1074 3969 1115 4017 ae,
1134 3958 1228 4017 ἐπέχει,
1248 3972 1276 4005 as
1295 3956 1320 4005 in
1338 3956 1352 4017 fl
1368 3958 1409 4019 48,

206 4018 278 4068 Fam.
291 4016 315 4078 6,
331 4031 353 4081 7,
368 4034 515 4131 &reuocans
530 4034 571 4067 me
587 4018 650 4083 ipse.
680 4020 783 4069 Horace
833 4021 1025 4077 whereseen.;
1042 4036 1138 4071 seenn.
1155 4024 1278 4088 on5559,
1296 4036 1348 4085 ¹04·
1385 4022 1410 4070 A

205 4100 246 4149 ep.
268 4099 291 4143 1,
309 4097 333 4147 5,
357 4099 365 4132 ι
401 4098 450 4148 eq„
466 4082 584 4146 thinking
602 4082 631 4131 oi
644 4098 677 4132 au
694 4083 784 4134 earlier
832 4087 947 4151 question
957 4086 1166 4136 muchdiscussed
1175 4102 1268 4150 among
1276 4085 1319 4135 the
1328 4086 1411 4137 Stoice

205 4157 276 4211 stege
286 4148 313 4197 in
324 4148 472 4198 inebriation
490 4148 551 4197 thau
568 4147 622 4198 that
638 4158 738 4213 present
755 4157 782 4199 to
833 4166 884 4201 was
901 4151 1014 4201 whether
1032 4152 1076 4200 the
1093 4152 1152 4201 wise
1171 4167 1229 4200 man
1246 4150 1321 4201 could
1340 4151 1410 4216 lapse

206 4213 332 4263 Lucullus'
349 4214 428 4272 mind,
448 4213 530 4262 draus
546 4229 562 4262 a
577 4213 675 4277 picture
690 4214 720 4264 of
738 4214 783 4263 the
834 4216 887 4265 into
898 4216 968 4280 iolly.
1007 4216 1142 4266 Cleanthes
1153 4216 1206 4265 said
1219 4216 1251 4265 he
1266 4215 1340 4266 could
1356 4225 1409 4273 not,

204 4277 395 4342 adsconfidmce
405 4278 515 4344 inspired
526 4278 560 4342 by
571 4279 645 4328 wine.
834 4280 988 4347 Chrysippus
1006 4281 1060 4331 that
1074 4280 1106 4331 he
1121 4282 1195 4331 could
1209 4282 1263 4331 ‘brt
1275 4282 1352 4340 μέθην
1369 4283 1410 4330 rel

237 4346 277 4392 ele
304 4355 373 4402 qnae
399 4346 538 4393 meatur:
565 4344 717 4409 periphrasis
744 4344 783 4394 for
832 4346 1141 4411 praeunte-’tntum
1154 4360 1181 4396 ιι
1201 4348 1218 4407 l.
1241 4347 1317 4397 Some
1327 4346 1410 4397 Stoica

204 4407 273 4458 aista
833 4411 923 4461 denied
936 4412 989 4461 that
1001 4411 1044 4461 the
1056 4414 1131 4475 σοφὸι
1139 4426 1186 4462 con
1196 4412 1213 4462 d
1225 4412 1329 4461 become
1340 4412 1410 4471 mad,
